@article{anders1964origin,
  title={Origin, age, and composition of meteorites},
  author={Anders, Edward},
  journal={Space Science Reviews},
  volume={3},
  pages={583--714},
  year={1964},
  publisher={Springer}
}

@article{fechtig1968results,
  title={Results of cosmic-dust collection on Luster 1965},
  author={Fechtig, H and Gerloff, U and Weihrauch, JH},
  journal={Journal of Geophysical Research},
  volume={73},
  number={16},
  pages={5029--5037},
  year={1968},
  publisher={Wiley Online Library}
}

@article{pettersson1958rate,
  title={Rate of accretion of cosmic dust on the earth},
  author={Pettersson, Hans},
  journal={Nature},
  volume={181},
  number={4605},
  pages={330--330},
  year={1958},
  publisher={Nature Publishing Group UK London}
}

@article{brownlee2014stardust,
  title={The Stardust mission: analyzing samples from the edge of the solar system},
  author={Brownlee, Don},
  journal={Annual Review of Earth and Planetary Sciences},
  volume={42},
  pages={179--205},
  year={2014},
  publisher={Annual Reviews}
}

@article{tsou1995silica,
  title={Silica aerogel captures cosmic dust intact},
  author={Tsou, Peter},
  journal={Journal of Non-Crystalline Solids},
  volume={186},
  pages={415--427},
  year={1995},
  publisher={Elsevier}
}

@article{taylor2016cosmic,
  title={Cosmic dust: finding a needle in a haystack},
  author={Taylor, Susan and Messenger, Scott and Folco, Luigi},
  journal={Elements},
  volume={12},
  number={3},
  pages={171--176},
  year={2016},
  publisher={Mineralogical Association of Canada}
}

@article{vondrak2008chemical,
  title={A chemical model of meteoric ablation},
  author={Vondrak, T and Plane, JMC and Broadley, S and Janches, D},
  journal={Atmospheric Chemistry and Physics},
  volume={8},
  number={23},
  pages={7015--7031},
  year={2008},
  publisher={Copernicus GmbH}
}

@article{mcdonnell1984cosmic,
  title={Cosmic dust collection by the capture cell technique on the Space Shuttle},
  author={McDonnell, JAM and Carey, WC and Dixon, DG},
  journal={Nature},
  volume={309},
  number={5965},
  pages={237--240},
  year={1984},
  publisher={Nature Publishing Group UK London}
}

@article{keller2006infrared,
author = {Lindsay P. Keller  and Sasa Bajt  and Giuseppe A. Baratta  and Janet Borg  and John P. Bradley  and Don E. Brownlee  and Henner Busemann  and John R. Brucato  and Mark Burchell  and Luigi Colangeli  and Louis d'Hendecourt  and Zahia Djouadi  and Gianluca Ferrini  and George Flynn  and Ian A. Franchi  and Marc Fries  and Monica M. Grady  and Giles A. Graham  and Faustine Grossemy  and Anton Kearsley  and Graciela Matrajt  and Keiko Nakamura-Messenger  and Vito Mennella  and Larry Nittler  and Maria E. Palumbo  and Frank J. Stadermann  and Peter Tsou  and Alessandra Rotundi  and Scott A. Sandford  and Christopher Snead  and Andrew Steele  and Diane Wooden  and Mike Zolensky },
title = {Infrared Spectroscopy of Comet 81P/Wild 2 Samples Returned by Stardust},
journal = {Science},
volume = {314},
number = {5806},
pages = {1728-1731},
year = {2006},
doi = {10.1126/science.1135796},
URL = {https://www.science.org/doi/abs/10.1126/science.1135796},
eprint = {https://www.science.org/doi/pdf/10.1126/science.1135796}}

@article{brownlee1985cosmic,
  title={Cosmic dust: Collection and research},
  author={Brownlee, Donald E},
  journal={Annual Review of Earth and Planetary Sciences},
  volume={13},
  number={1},
  pages={147--173},
  year={1985},
  publisher={Annual Reviews 4139 El Camino Way, PO Box 10139, Palo Alto, CA 94303-0139, USA}
}

@book{duda1986minerals,
  title={Minerals of the World},
  author={Duda, R. and Rejl, L.},
  isbn={9780600333753},
  lccn={87352318},
  series={Spring books},
  url={https://books.google.no/books?id=6I-8AAAACAAJ},
  year={1986},
  publisher={Spring}
}

@article{jessberger1988aspects,
  title={Aspects of the major element composition of Halley's dust},
  author={Jessberger, Elmar K and Christoforidis, Alexander and Kissel, Jochen},
  journal={Nature},
  volume={332},
  number={6166},
  pages={691--695},
  year={1988},
  publisher={Nature Publishing Group UK London}
}

@article{kimura2003elemental,
  title={Elemental abundances and mass densities of dust and gas in the local interstellar cloud},
  author={Kimura, Hiroshi and Mann, Ingrid and Jessberger, Elmar K},
  journal={The Astrophysical Journal},
  volume={582},
  number={2},
  pages={846},
  year={2003},
  publisher={IOP Publishing}
}

@article{burchell2006cosmic,
  title={Cosmic dust collection in aerogel},
  author={Burchell, Mark J and Graham, Giles and Kearsley, Anton},
  journal={Annu. Rev. Earth Planet. Sci.},
  volume={34},
  pages={385--418},
  year={2006},
  publisher={Annual Reviews}
}

@article{min2005modeling,
  title={Modeling optical properties of cosmic dust grains using a distribution of hollow spheres},
  author={Min, Michiel and Hovenier, JW and de Koter, Alex},
  journal={Astronomy \& Astrophysics},
  volume={432},
  number={3},
  pages={909--920},
  year={2005},
  publisher={EDP Sciences}
}

@Inbook{jessberger2001properties,
author="Jessberger, Elmar K.
and Stephan, Thomas
and Rost, Detlef
and Arndt, Peter
and Maetz, Mischa
and Stadermann, Frank J.
and Brownlee, Don E.
and Bradley, John P.
and Kurat, Gero 
and Gr{\"u}n, Eberhard
and Gustafson, Bo {\AA}. S.
and Dermott, Stan
and Fechtig, Hugo",
title="Properties of Interplanetary Dust: Information from Collected Samples",
bookTitle="Interplanetary Dust",
year="2001",
publisher="Springer Berlin Heidelberg",
address="Berlin, Heidelberg",
pages="253--294",
isbn="978-3-642-56428-4",
doi="10.1007/978-3-642-56428-4_6",
url="https://doi.org/10.1007/978-3-642-56428-4_6"
}

@article{mann2010interstellar,
  title={Interstellar dust in the solar system},
  author={Mann, Ingrid},
  journal={Annual Review of Astronomy and Astrophysics},
  volume={48},
  pages={173--203},
  year={2010},
  publisher={Annual Reviews}
}

@article{mann2014dust,
  title={Dust in the planetary system: Dust interactions in space plasmas of the solar system},
  author={Mann, Ingrid and Meyer-Vernet, Nicole and Czechowski, Andrzej},
  journal={Physics reports},
  volume={536},
  number={1},
  pages={1--39},
  year={2014},
  publisher={Elsevier}
}

@article{sheppard2023new,
  title={New Jupiter and Saturn Satellites Reveal New Moon Dynamical Families},
  author={Sheppard, Scott S and Tholen, David J and Alexandersen, Mike and Trujillo, Chadwick A},
  journal={Research Notes of the AAS},
  volume={7},
  number={5},
  pages={100},
  year={2023},
  publisher={The American Astronomical Society}
}

@article{kempf2010enceladus,
  title={How the Enceladus dust plume feeds Saturnâ€™s E ring},
  author={Kempf, Sascha and Beckmann, Uwe and Schmidt, J{\"u}rgen},
  journal={Icarus},
  volume={206},
  number={2},
  pages={446--457},
  year={2010},
  publisher={Elsevier}
}

@article{kopp2011new,
  title={A new, lower value of total solar irradiance: Evidence and climate significance},
  author={Kopp, Greg and Lean, Judith L},
  journal={Geophysical Research Letters},
  volume={38},
  number={1},
  year={2011},
  publisher={Wiley Online Library}
}

@article{kimura2003composition,
  title={Composition, structure, and size distribution of dust in the local interstellar cloud},
  author={Kimura, Hiroshi and Mann, Ingrid and Jessberger, Elmar K},
  journal={The Astrophysical Journal},
  volume={583},
  number={1},
  pages={314},
  year={2003},
  publisher={IOP Publishing}
}

@inproceedings{kneissel1991spatial,
  title={Spatial distribution and orbital properties of zodiacal dust},
  author={Knei{\ss}el, Bernhard and Mann, Ingrid},
  booktitle={International Astronomical Union Colloquium},
  volume={126},
  pages={139--146},
  year={1991},
  organization={Cambridge University Press}
}

@article{malaspina2022clouds,
  title={Clouds of spacecraft debris liberated by hypervelocity dust impacts on parker solar probe},
  author={Malaspina, David M and Stenborg, Guillermo and Mehoke, Doug and Al-Ghazwi, Adel and Shen, Mitchell M and Hsu, Hsiang-Wen and Iyer, Kaushik and Bale, Stuart D and de Wit, Thierry Dudok},
  journal={The Astrophysical Journal},
  volume={925},
  number={1},
  pages={27},
  year={2022},
  publisher={IOP Publishing}
}

@article{roosen1971gegenschein,
  title={The gegenschein},
  author={Roosen, Robert G},
  journal={Reviews of Geophysics},
  volume={9},
  number={2},
  pages={275--304},
  year={1971},
  publisher={Wiley Online Library}
}

@article{guillemant2013simulation,
  title={Simulation study of spacecraft electrostatic sheath changes with the heliocentric distances from 0.044 to 1 AU},
  author={Guillemant, Stanislas and G{\'e}not, Vincent and Velez, Jean-Charles Mateo and Sarrailh, Pierre and Hilgers, Alain and Louarn, Philippe},
  journal={IEEE Transactions on Plasma Science},
  volume={41},
  number={12},
  pages={3338--3348},
  year={2013},
  publisher={IEEE}
}

@article{mann2004dust,
  title={Dust near the Sun},
  author={Mann, Ingrid and Kimura, Hiroshi and Biesecker, Douglas A and Tsurutani, Bruce T and Gr{\"u}n, Eberhard and McKibben, R Bruce and Liou, Jer-Chyi and MacQueen, Robert M and Mukai, Tadashi and Guhathakurta, Madhulika and others},
  journal={Space science reviews},
  volume={110},
  pages={269--305},
  year={2004},
  publisher={Springer}
}

@article{mann2007nanoparticles,
  title={Nanoparticles in the inner solar system},
  author={Mann, Ingrid and Murad, Edmond and Czechowski, Andrzej},
  journal={Planetary and Space Science},
  volume={55},
  number={9},
  pages={1000--1009},
  year={2007},
  publisher={Elsevier}
}

@article{poppe2022effects,
  title={The effects of solar cycle variability on nanodust dynamics in the inner heliosphere: Predictions for future STEREO A/WAVES measurements},
  author={Poppe, AR and Lee, CO},
  journal={Journal of Geophysical Research: Space Physics},
  volume={127},
  number={5},
  pages={e2022JA030317},
  year={2022},
  publisher={Wiley Online Library}
}

@article{stamm2019dust,
  title={Dust trajectory simulations around the Sun, Vega, and Fomalhaut},
  author={Stamm, Johann and Czechowski, Andrzej and Mann, Ingrid and Baumann, Carsten and Myrvang, Margaretha},
  journal={Astronomy \& Astrophysics},
  volume={626},
  pages={A107},
  year={2019},
  publisher={EDP Sciences}
}

@article{czechowski2021dynamics,
  title={Dynamics of nanodust in the vicinity of a stellar corona: Effect of plasma corotation},
  author={Czechowski, Andrzej and Mann, Ingrid},
  journal={Astronomy \& Astrophysics},
  volume={652},
  pages={A131},
  year={2021},
  publisher={EDP Sciences}
}

@article{meyer1982flip,
  title={Flip-flop of electric potential of dust grains in space},
  author={Meyer-Vernet, N},
  journal={Astronomy and Astrophysics, vol. 105, no. 1, Jan. 1982, p. 98-106.},
  volume={105},
  pages={98--106},
  year={1982}
}

@article{vaverka2016lunar,
  title={Lunar surface and dust grain potentials during the earthâ€™s magnetosphere crossing},
  author={Vaverka, Jakub and Richterov{\'a}, I and Pavlu, J and {\v{S}}afr{\'a}nkov{\'a}, J and N{\v{e}}me{\v{c}}ek, Z},
  journal={The Astrophysical Journal},
  volume={825},
  number={2},
  pages={133},
  year={2016},
  publisher={IOP Publishing}
}

@article{parker1958dynamics,
  title={Dynamics of the interplanetary gas and magnetic fields.},
  author={Parker, Eugene N},
  journal={Astrophysical Journal, vol. 128, p. 664},
  volume={128},
  pages={664},
  year={1958}
}

@article{poynting1903radiation,
  title={Radiation in the solar system: its effect on temperature and its pressure on small bodies},
  author={Poynting, JH},
  journal={Monthly Notices of the Royal Astronomical Society, Vol. 64, Appendix, p. 1},
  volume={64},
  pages={1},
  year={1903}
}

@article{robertson1937dynamical,
  title={Dynamical effects of radiation in the solar system},
  author={Robertson, HP},
  journal={Monthly Notices of the Royal Astronomical Society, Vol. 97, p. 423},
  volume={97},
  pages={423},
  year={1937}
}

@article{sommer2023alpha,
  title={Alpha-Meteoroids then and now: Unearthing an overlooked micrometeoroid population},
  author={Sommer, Maximilian},
  journal={Planetary and Space Science},
  volume={236},
  pages={105751},
  year={2023},
  publisher={Elsevier}
}

@article{leinert1981zodiacal,
  title={The zodiacal light from 1.0 to 0.3 AU as observed by the Helios space probes},
  author={Leinert, Ch and Richter, I and Pitz, E and Planck, B},
  journal={Astronomy and Astrophysics, vol. 103, no. 1, Nov. 1981, p. 177-188. Bundesministerium f{\"u}r Forschung und Technologie},
  volume={103},
  pages={177--188},
  year={1981}
}

@Article{baumann2020dust,
AUTHOR = {Baumann, C. and Myrvang, M. and Mann, I.},
TITLE = {Dust sputtering within the inner heliosphere: a modelling study},
JOURNAL = {Annales Geophysicae},
VOLUME = {38},
YEAR = {2020},
NUMBER = {4},
PAGES = {919--930},
URL = {https://angeo.copernicus.org/articles/38/919/2020/},
DOI = {10.5194/angeo-38-919-2020}
}

@mastersthesis{klepper2021influence,
  title={The influence of mass loss on the dynamics of dust near the Sun},
  author={Klepper, Kassi},
  year={2021},
  school={UiT Norges arktiske universitet}
}

@article{langmuir1918evaporation,
  title={The evaporation of small spheres},
  author={Langmuir, Irving},
  journal={Physical review},
  volume={12},
  number={5},
  pages={368},
  year={1918},
  publisher={APS}
}

@mastersthesis{myrvang2018temperature,
  title={Temperature and thermal emission of cosmic dust around the Sun, Vega and Fomalhaut},
  author={Myrvang, Margaretha},
  year={2018},
  school={UiT Norges arktiske universitet}
}

@article{hulst1947zodiacal,
  title={Zodiacal Light in the Solar Corona.},
  author={Van de Hulst, HC},
  journal={Astrophysical Journal, vol. 105, p. 471},
  volume={105},
  pages={471},
  year={1947}
}

@article{stenborg2021psp,
  title={PSP/WISPR observations of dust density depletion near the Sun-I. Remote observations to $8 R\odot$ from an observer between 0.13 and 0.35 AU},
  author={Stenborg, G and Howard, RA and Hess, P and Gallagher, B},
  journal={Astronomy \& Astrophysics},
  volume={650},
  pages={A28},
  year={2021},
  publisher={EDP Sciences}
}

@article{allen1946spectrum,
  title={The spectrum of the corona at the eclipse of 1940 October 1},
  author={Allen, Clabon W},
  journal={Monthly Notices of the Royal Astronomical Society},
  volume={106},
  number={2},
  pages={137--150},
  year={1946},
  publisher={Oxford University Press Oxford, UK}
}

@article{stefan1879uber,
  title={Uber die beziehung zwischen der warmestrahlung und der temperatur, sitzungsberichte der mathematisch-naturwissenschaftlichen classe der kaiserlichen},
  author={Stefan, J},
  journal={Akademie der Wissenschaften},
  volume={79},
  pages={S--391},
  year={1879}
}

@article{boltzmann1884ableitnung,
author = {Boltzmann, Ludwig},
title = {Ableitung des Stefan'schen Gesetzes, betreffend die AbhÃ¤ngigkeit der WÃ¤rmestrahlung von der Temperatur aus der electromagnetischen Lichttheorie},
journal = {Annalen der Physik},
volume = {258},
number = {6},
pages = {291-294},
doi = {https://doi.org/10.1002/andp.18842580616},
url = {https://onlinelibrary.wiley.com/doi/abs/10.1002/andp.18842580616},
eprint = {https://onlinelibrary.wiley.com/doi/pdf/10.1002/andp.18842580616},
year = {1884}
}

@Inbook{pinti2015olivine,
author="Pinti, Daniele L. 
and Gargaud, Muriel
and Irvine, William M.
and Amils, Ricardo
and Cleaves, Henderson James (Jim)
and Pinti, Daniele L.
and Quintanilla, Jos{\'e} Cernicharo
and Rouan, Daniel
and Spohn, Tilman
and Tirard, St{\'e}phane
and Viso, Michel",
title="Olivine",
bookTitle="Encyclopedia of Astrobiology",
year="2015",
publisher="Springer Berlin Heidelberg",
address="Berlin, Heidelberg",
pages="1769--1770",
isbn="978-3-662-44185-5",
doi="10.1007/978-3-662-44185-5_5094",
url="https://doi.org/10.1007/978-3-662-44185-5_5094"
}

@article{liu1975melting,
author = {Liu, Lin-Gun and Bassett, William A.},
title = {The melting of iron up to 200 kbar},
journal = {Journal of Geophysical Research (1896-1977)},
volume = {80},
number = {26},
pages = {3777-3782},
doi = {https://doi.org/10.1029/JB080i026p03777},
url = {https://agupubs.onlinelibrary.wiley.com/doi/abs/10.1029/JB080i026p03777},
eprint = {https://agupubs.onlinelibrary.wiley.com/doi/pdf/10.1029/JB080i026p03777},
abstract = {The effect of pressure on the melting temperature of iron has been measured by passing current through a very fine wire of pure iron held under pressure in a diamond anvil pressure cell. The temperature was measured by optical pyrometry, and the pressure was calculated from the lattice parameters of iron at room temperature after being heat-treated. On the basis of recent work by Strong et al. on measuring the Î´-Î³-liquid triple point and the initial slope between Î³ and liquid iron, we have calculated the melting temperature for Î³ iron to about 200 kbar. A third-order polynomial equation fitted to our data yields the following equation: Tm = 1718 + 3.85(P âˆ’ 52) âˆ’ 1.95Ã—10âˆ’2(P âˆ’ 52)2 + 6.24Ã—10âˆ’5(P âˆ’ 52)3, where Tm is the melting temperature in degrees Celsius and P is the pressure in kilobars. When the linear relationship of Tm-Î”V/V0 proposed by Kraut and Kennedy (1966) was used, the extrapolation of the present data to the inner core-outer core boundary, 3.3 Mbar, yields temperatures between 3460Â° and 3870Â°C if the inner core consists of pure iron with the Î³ phase.},
year = {1975}
}

@phdthesis{vyvsinka2018odpravsovani,
  title={Odpra{\v{s}}ov{\'a}n{\'\i} prachov{\`y}ch zrn a jeho vazba na procesy v kosmick{\'e}m prostoru.},
  author={Vy{\v{s}}inka, Marek},
  year={2018},
  school={Univerzita Karlova, Matematicko-fyzik{\'a}ln{\'\i} fakulta}
}

@book{gault1963spray,
  title={Spray ejected from the lunar surface by meteoroid impact},
  author={Gault, Donald E and Shoemaker, Eugene M and Moore, Henry J},
  year={1963},
  publisher={National Aeronautics and Space Administration}
}

@article{dohnanyi1969collisional,
  title={Collisional model of asteroids and their debris},
  author={Dohnanyi, JS},
  journal={Journal of Geophysical Research},
  volume={74},
  number={10},
  pages={2531--2554},
  year={1969},
  publisher={Wiley Online Library}
}

@article{grun1985collisional,
  title={Collisional balance of the meteoritic complex},
  author={Gr{\"u}n, Eberhard and Zook, Herbert A and Fechtig, Hugo and Giese, RH},
  journal={Icarus},
  volume={62},
  number={2},
  pages={244--272},
  year={1985},
  publisher={Elsevier}
}

@article{dietzel1973heos,
  title={The HEOS 2 and HELIOS micrometeoroid experiments},
  author={Dietzel, H and Eichhorn, G and Fechtig, H and Grun, E and Hoffmann, H-J and Kissel, J},
  journal={Journal of Physics E: Scientific Instruments},
  volume={6},
  number={3},
  pages={209},
  year={1973},
  publisher={IOP Publishing}
}

@article{grun1984impact,
  title={Impact ionization from gold, aluminum and PCB-Z},
  author={Gr{\"u}n, E},
  journal={The Giotto Spacecraft Impact-induced Plasma Environment},
  pages={39--41},
  year={1984}
}

@article{friichtenicht1962,
  title={Two-million-volt electrostatic accelerator for hypervelocity research},
  author={Friichtenicht, JF},
  journal={Review of Scientific Instruments},
  volume={33},
  number={2},
  pages={209--212},
  year={1962},
  publisher={American Institute of Physics}
}

@article{friichtenicht1964,
  title={Micrometeroid simulation using nuclear accelerator techniques},
  author={Friichtenicht, J.F.},
  journal={Nuclear Instruments and Methods},
  volume={28},
  number={1},
  pages={70--78},
  year={1964},
  publisher={Elsevier}
}


@article{kissel1987ion,
  title={Ion formation by impact of fast dust particles and comparison with related techniques},
  author={Kissel, J and Krueger, FR},
  journal={Applied Physics A},
  volume={42},
  pages={69--85},
  year={1987},
  publisher={Springer}
}

@article{shen2023variability,
  title={Variability of Antenna Signals From Dust Impacts},
  author={Shen, Mitchell M and Sternovsky, Zoltan and Malaspina, David M},
  journal={Journal of Geophysical Research: Space Physics},
  volume={128},
  number={4},
  pages={e2022JA030981},
  year={2023},
  publisher={Wiley Online Library}
}

@article{nouzak2021detection,
  title={Detection of Dust Particles Using Faraday Cup Instruments},
  author={Nouz{\'a}k, Libor and James, David and N{\v{e}}me{\v{c}}ek, Zden{\v{e}}k and {\v{S}}afr{\'a}nkov{\'a}, Jana and Pavlu, Ji{\v{r}}{\'\i} and Nov{\'a}kov{\'a}, Jaroslava and Vaverka, Jakub and Sternovsky, Zoltan},
  journal={The Astrophysical Journal},
  volume={909},
  number={2},
  pages={132},
  year={2021},
  publisher={IOP Publishing}
}

@article{thomas2017experimental,
  title={Experimental setup for the laboratory investigation of micrometeoroid ablation using a dust accelerator},
  author={Thomas, Evan and Simolka, Jonas and DeLuca, Michael and Hor{\'a}nyi, Mih{\'a}ly and Janches, Diego and Marshall, Robert A and Munsat, Tobin and Plane, John and Sternovsky, Zoltan},
  journal={Review of Scientific Instruments},
  volume={88},
  number={3},
  year={2017},
  publisher={AIP Publishing}
}

@article{deluca2018ionization,
  title={The ionization efficiency of aluminum and iron at meteoric velocities},
  author={DeLuca, Michael and Munsat, Tobin and Thomas, Evan and Sternovsky, Zoltan},
  journal={Planetary and Space Science},
  volume={156},
  pages={111--116},
  year={2018},
  publisher={Elsevier}
}

@article{deluca2022differential,
  title={Differential ablation of organic coatings from micrometeoroids simulated in the laboratory},
  author={DeLuca, Michael and Sternovsky, Zoltan and Armes, Steven P and Fielding, Lee A and Hor{\'a}nyi, Mih{\'a}ly and Janches, Diego and Kupihar, Zoltan and Munsat, Tobin and Plane, John MC},
  journal={Journal of Geophysical Research: Planets},
  volume={127},
  number={4},
  pages={e2021JE007168},
  year={2022},
  publisher={Wiley Online Library}
}

@article{tarnecki2023experimentally,
  title={Experimentally derived luminous efficiencies for aluminum and iron at meteoric speeds},
  author={Tarnecki, Liane Kathryn and Marshall, Robert Andrew and Fontanese, J and Sternovsky, Zoltan and Munsat, Tobin},
  journal={Geophysical Research Letters},
  volume={50},
  number={7},
  pages={e2023GL103016},
  year={2023},
  publisher={Wiley Online Library}
}

@inproceedings{sommer2023measuring,
  title={Measuring Micro-Debris In-Situ with the DESTINY+ Dust Analyzer},
  author={Sommer, Max and Li, Yanwei and Srama, Ralf and Simolka, Jonas and Strack, Heiko and Gl{\"a}ser, J and Fr{\"o}hlich, P and Exle, A and Ingerl, S and Bauer, M and others},
  booktitle={2nd NEO and Debris Detection Conference},
  pages={37},
  year={2023}
}

@article{grun1992galileo,
  title={The Galileo dust detector},
  author={Gr{\"u}n, Eberhard and Fechtig, Hugo and Hanner, Martha S and Kissel, Jochen and Lindblad, Bertil-Anders and Linkert, Dietmar and Maas, Dieter and Morfill, Gregor E and Zook, Herbert A},
  journal={Space Science Reviews},
  volume={60},
  pages={317--340},
  year={1992},
  publisher={Springer}
}

@article{grun1992ulysses,
  title={The Ulysses dust experiment},
  author={Gr{\"u}n, E and Fechtig, H and Kissel, J and Linkert, D and Maas, D and McDonnell, JAM and Morfill, GE and Schwehm, G and Zook, HA and Giese, RH},
  journal={Astronomy and Astrophysics Supplement Series (ISSN 0365-0138), vol. 92, no. 2, Jan. 1992, p. 411-423.},
  volume={92},
  pages={411--423},
  year={1992}
}

@article{shelton1960electrostatic,
  title={Electrostatic acceleration of microparticles to hypervelocities},
  author={Shelton, H and Hendricks Jr, CD and Wuerker, RF},
  journal={Journal of Applied Physics},
  volume={31},
  number={7},
  pages={1243--1246},
  year={1960},
  publisher={American Institute of Physics}
}

@article{srama2004cassini,
  title={The Cassini cosmic dust analyzer},
  author={Srama, Ralf and Ahrens, Thomas J and Altobelli, Nicolas and Auer, S and Bradley, JG and Burton, M and Dikarev, VV and Economou, T and Fechtig, Hugo and G{\"o}rlich, M and others},
  journal={Space Science Reviews},
  volume={114},
  pages={465--518},
  year={2004},
  publisher={Springer}
}

@mastersthesis{gunnarsdottir2019charging,
  title={Charging effects and detection of mesospheric dust with the instrument spid on the g-chaser rocket},
  author={Gunnarsdottir, Tinna},
  year={2019},
  school={UiT Norges arktiske universitet}
}

@article{trollvik2019observation,
  title={Observation of mesospheric dust and ionospheric conditions during the G-chaser rocket campaign},
  author={Trollvik, Henriette Marie Tveitnes and Gunnarsdottir, Tinna and Mann, Ingrid and Restad, Erlend and Antonsen, Tarjei and Fredriksen, {\AA}shild and Eilertsen, Yngve and Havnes, Ole and Hansen, Rikke and Floer, Markus and others},
  year={2019},
  publisher={European Space Agency}
}

@inproceedings{alexander1968zodiacal,
  title={Zodiacal dust measurements in cis-lunar and interplanetary space from OGO III and Mariner IV experiments between June and December 1966.},
  author={Alexander, WM and Bohn, JL},
  booktitle={COSPAR PLENARY MEETING},
  year={1968},
  organization={NORTH-HOLLAND PUBLISHING CO.,}
}

@inproceedings{horanyi2008surface,
  title={Surfaceâ€”Plasma Interaction on the Moon},
  author={Hor{\'a}nyi, M and Wang, X and Robertson, S and Sternovsky, Z},
  booktitle={AIP Conference Proceedings},
  volume={1041},
  pages={113--116},
  year={2008},
  organization={American Institute of Physics}
}

@article{nouzak2018laboratory,
  title={Laboratory modeling of dust impact detection by the Cassini spacecraft},
  author={Nouz{\'a}k, L and Hsu, S and Malaspina, D and Thayer, FM and Ye, S-Y and Pavlu, J and N{\v{e}}me{\v{c}}ek, Z and {\v{S}}afr{\'a}nkov{\'a}, J and Sternovsky, Z},
  journal={Planetary and Space Science},
  volume={156},
  pages={85--91},
  year={2018},
  publisher={Elsevier}
}

@article{kovcivsvcak2020effective,
  title={Effective temperatures of olivine dust impact plasmas},
  author={Ko{\v{c}}i{\v{s}}{\v{c}}{\'a}k, Samuel and Fredriksen, {\AA}shild and DeLuca, Michael and Pavlu, Ji{\v{r}}{\'\i} and Sternovsky, Zolt{\'a}n},
  journal={IEEE Transactions on Plasma Science},
  volume={48},
  number={12},
  pages={4298--4304},
  year={2020},
  publisher={IEEE}
}

@article{shen2021electrostatic,
  title={Electrostatic model for antenna signal generation from dust impacts},
  author={Shen, Mitchell M and Sternovsky, Zoltan and Garzelli, Alessandro and Malaspina, David M},
  journal={Journal of Geophysical Research: Space Physics},
  volume={126},
  number={9},
  pages={e2021JA029645},
  year={2021},
  publisher={Wiley Online Library}
}

@article{shu20123,
  title={3 MV hypervelocity dust accelerator at the Colorado Center for Lunar Dust and Atmospheric Studies},
  author={Shu, Anthony and Collette, Andrew and Drake, Keith and Gr{\"u}n, Eberhard and Hor{\'a}nyi, Mih{\'a}ly and Kempf, Sascha and Mocker, Anna and Munsat, Tobin and Northway, Paige and Srama, Ralf and others},
  journal={Review of Scientific Instruments},
  volume={83},
  number={7},
  year={2012},
  publisher={AIP Publishing}
}

@article{auer1968,
  title={Detection technique for micrometeoroids using impact ionization},
  author={Auer, A and Sitte, K},
  journal={Earth and Planetary Science Letters},
  volume={4},
  number={2},
  pages={178--183},
  year={1968},
  publisher={Elsevier}
}

@article{drapatz1974theory,
  title={Theory of shock-wave ionization upon high-velocity impact of micrometeorites},
  author={Drapatz, S and Michel, KW},
  journal={Zeitschrift f{\"u}r Naturforschung A},
  volume={29},
  number={6},
  pages={870--879},
  year={1974},
  publisher={Verlag der Zeitschrift f{\"u}r Naturforschung}
}

@phdthesis{shen2021cosmic,
  title={Cosmic Dust Detection by Antenna Instruments-Modeling and Laboratory Measurements},
  author={Shen, Ming-Hsueh},
  year={2021},
  school={University of Colorado at Boulder}
}

@article{mcbride1999meteoroid,
  title={Meteoroid impacts on spacecraft:: sporadics, streams, and the 1999 Leonids},
  author={McBride, Neil and McDonnell, JAM},
  journal={Planetary and Space Science},
  volume={47},
  number={8-9},
  pages={1005--1013},
  year={1999},
  publisher={Elsevier}
}

@article{hornung1994shock,
  title={On shock wave impact ionization of dust particles},
  author={Hornung, K and Kissel, J},
  journal={Astronomy and Astrophysics},
  volume={291},
  pages={324--336},
  year={1994}
}

@article{collette2014micrometeoroid,
  title={Micrometeoroid impact charge yield for common spacecraft materials},
  author={Collette, A and Gr{\"u}n, E and Malaspina, D and Sternovsky, Z},
  journal={Journal of Geophysical Research: Space Physics},
  volume={119},
  number={8},
  pages={6019--6026},
  year={2014},
  publisher={Wiley Online Library}
}

@article{zook1975source,
  title={A source for hyperbolic cosmic dust particles},
  author={Zook, Herbert A and Berg, Otto E},
  journal={Planetary and Space Science},
  volume={23},
  number={1},
  pages={183--203},
  year={1975},
  publisher={Elsevier}
}

@article{fujiwara1977destruction,
  title={Destruction of basaltic bodies by high-velocity impact},
  author={Fujiwara, Akira and Kamimoto, Goro and Tsukamoto, Akimasa},
  journal={Icarus},
  volume={31},
  number={2},
  pages={277--288},
  year={1977},
  publisher={Elsevier}
}

@article{whipple1967maintaining,
  title={On maintaining the meteoritic complex},
  author={Whipple, Fred L},
  journal={SAO Special Report,\# 239 (1967), p. 1},
  volume={239},
  pages={1},
  year={1967}
}

@incollection{dohnanyi1978particle,
  booktitle={Cosmic dust.},
  title={Particle dynamics.},
  author={Dohnanyi, JS},
  publisher={Wiley},
  pages={527--605},
  year={1978}
}

@article{juhasz2013dynamics,
  title={Dynamics and distribution of nano-dust particles in the inner solar system},
  author={Juh{\'a}sz, A and Hor{\'a}nyi, M},
  journal={Geophysical Research Letters},
  volume={40},
  number={11},
  pages={2500--2504},
  year={2013},
  publisher={Wiley Online Library}
}

@article{gault1969destruction,
  title={The destruction of tektites by micrometeoroid impact},
  author={Gault, Donald E and Wedekind, John A},
  journal={Journal of Geophysical Research},
  volume={74},
  number={27},
  pages={6780--6794},
  year={1969},
  publisher={Wiley Online Library}
}

@article{russell1929meteoric,
  title={On meteoric matter near the stars},
  author={Russell, Henry Norris},
  journal={Astrophysical Journal, vol. 69, p. 49},
  volume={69},
  pages={49},
  year={1929}
}

@article{leinert1983maintain,
  title={How to maintain the spatial distribution of interplanetary dust},
  author={Leinert, CH and Roser, S and Buitrago, J},
  journal={Astronomy and Astrophysics, vol. 118, no. 2, Feb. 1983, p. 345-357.},
  volume={118},
  pages={345--357},
  year={1983}
}

@article{giese1986three,
  title={Three-dimensional models of the zodiacal dust cloud: a comparative study},
  author={Giese, RH and Kneissel, B and Rittich, U},
  journal={Icarus},
  volume={68},
  number={3},
  pages={395--411},
  year={1986},
  publisher={Elsevier}
}

@article{stenborg2022psp,
  title={PSP/WISPR observations of dust density depletion near the Sun. II. New insights from within the depletion zone},
  author={Stenborg, Guillermo and Howard, Russell A and Vourlidas, Angelos and Gallagher, Brendan},
  journal={The Astrophysical Journal},
  volume={932},
  number={2},
  pages={75},
  year={2022},
  publisher={IOP Publishing}
}

@article{stenborg2018characterization,
  title={Characterization of the white-light brightness of the F-corona between 5 and 24 elongation},
  author={Stenborg, Guillermo and Howard, Russell A and Stauffer, Johnathan R},
  journal={The Astrophysical Journal},
  volume={862},
  number={2},
  pages={168},
  year={2018},
  publisher={IOP Publishing}
}

@inproceedings{berg1973evidence,
  title={Evidence of hyperbolic cosmic dust particles.},
  author={Berg, OE and Gr{\"u}n, E},
  booktitle={Plenary Meeting on Space research XIII},
  year={1973}
}

@article{zaslavsky2012interplanetary,
  title={Interplanetary dust detection by radio antennas: Mass calibration and fluxes measured by STEREO/WAVES},
  author={Zaslavsky, A and Meyer-Vernet, N and Mann, I and Czechowski, A and Issautier, K and Le Chat, G and Pantellini, F and Goetz, K and Maksimovic, M and Bale, SD and others},
  journal={Journal of Geophysical Research: Space Physics},
  volume={117},
  number={A5},
  year={2012},
  publisher={Wiley Online Library}
}

@article{zaslavsky2021first,
  title={First dust measurements with the Solar Orbiter Radio and Plasma Wave instrument},
  author={Zaslavsky, A and Mann, Indira and Soucek, J and Czechowski, A and P{\'\i}{\v{s}}a, D and Vaverka, J and Meyer-Vernet, N and Maksimovic, M and Lorf{\`e}vre, E and Issautier, K and others},
  journal={Astronomy \& Astrophysics},
  volume={656},
  pages={A30},
  year={2021},
  publisher={EDP Sciences}
}

@article{malaspina2014interplanetary,
  title={Interplanetary and interstellar dust observed by the Wind/WAVES electric field instrument},
  author={Malaspina, DM and Hor{\'a}nyi, M and Zaslavsky, A and Goetz, K and Wilson III, LB and Kersten, K},
  journal={Geophysical Research Letters},
  volume={41},
  number={2},
  pages={266--272},
  year={2014},
  publisher={Wiley Online Library}
}

@article{szalay2021collisional,
  title={Collisional evolution of the inner zodiacal cloud},
  author={Szalay, JR and Pokorn{\`y}, P and Malaspina, DM and Pusack, A and Bale, SD and Battams, K and Gasque, LC and Goetz, K and Kr{\"u}ger, Harald and McComas, DJ and others},
  journal={The Planetary Science Journal},
  volume={2},
  number={5},
  pages={185},
  year={2021},
  publisher={IOP Publishing}
}

@article{desert1990interstellar,
  title={Interstellar dust models for extinction and emission},
  author={Desert, F-X and Boulanger, F and Puget, JL},
  journal={Astronomy and Astrophysics},
  volume={237},
  pages={215--236},
  year={1990}
}

@article{martins2013bayesian,
  title={Bayesian computing with INLA: new features},
  author={Martins, Thiago G and Simpson, Daniel and Lindgren, Finn and Rue, H{\aa}vard},
  journal={Computational Statistics \& Data Analysis},
  volume={67},
  pages={68--83},
  year={2013},
  publisher={Elsevier}
}

@inproceedings{whipple1958meteoritic,
  title={The meteoritic risk to space vehicles},
  author={Whipple, Fred L},
  booktitle={VIII th International Astronautical Congress Barcelona 1957},
  pages={418--428},
  year={1958},
  organization={Springer}
}

@book{cassini1685,
  title={DÃ©couverte de la lumiÃ¨re cÃ©leste qui paroist dans le zodiaque},
  year={1685},
  publisher={Imprimerie Royale},
  author={Cassini, G-D},
  address={Paris}
}

@book{gomez2020bayesian,
  title={Bayesian inference with INLA},
  author={G{\'o}mez-Rubio, Virgilio},
  year={2020},
  publisher={Chapman and Hall/CRC}
}

@article{witte2004kinetic,
  title={Kinetic parameters of interstellar neutral helium-Review of results obtained during one solar cycle with the Ulysses/GAS-instrument},
  author={Witte, M},
  journal={Astronomy \& Astrophysics},
  volume={426},
  number={3},
  pages={835--844},
  year={2004},
  publisher={EDP Sciences}
}

@article{grun1993discovery,
  title={Discovery of Jovian dust streams and interstellar grains by the Ulysses spacecraft},
  author={Gr{\"u}n, EC and Zook, Herbert A and Baguhl, M and Balogh, A and Bame, SJ and Fechtig, H and Forsyth, R and Manner, MS and Horanyi, M and Kissel, Jochen and others},
  journal={Nature},
  volume={362},
  number={6419},
  pages={428--430},
  year={1993},
  publisher={Nature Publishing Group UK London}
}

@misc{ramanujan1988lost,
  title={Lost notebook and other unpublished papers},
  author={Ramanujan Aiyangar, Srinivasa},
  howpublished={\url{https://archive.org/details/lost-notebook/page/n337}},
  year={1920},
  note = {Accessed: 2024-06-19}
}

@misc{rinla,
  title = {{R-INLA Project}},
  howpublished = {\url{https://www.r-inla.org/}},
  year = {2024},
  note = {Accessed: 2024-06-18}
}

@mastersthesis{henriksen2022interstellar,
  title={Interstellar Dust in the Inner Heliosphere and Impact Detection Capabilities with ESA's Solar Orbiter Spacecraft},
  author={Henriksen, Aleksander Johan},
  year={2022},
  school={UiT Norges arktiske universitet}
}

@article{morfill1979motion,
  title={The motion of charged dust particles in interplanetary spaceâ€”II. Interstellar grains},
  author={Morfill, GE and Gr{\"u}n, E},
  journal={Planetary and Space Science},
  volume={27},
  number={10},
  pages={1283--1292},
  year={1979},
  publisher={Elsevier}
}

@phdthesis{babic2022situ,
  title={In-situ dust detection using radio antennas of different spacecraft: space observations and modeling},
  author={Babi{\'c}, Kristina Rackovi{\'c}},
  year={2022},
  school={Universit{\'e} Paris sciences et lettres; Univerzitet u Beogradu}
}

@article{poppe2020effects,
  title={The effects of solar wind structure on nanodust dynamics in the inner heliosphere},
  author={Poppe, AR and Lee, CO},
  journal={Journal of Geophysical Research: Space Physics},
  volume={125},
  number={10},
  pages={e2020JA028463},
  year={2020},
  publisher={Wiley Online Library}
}

@article{czechowski2010formation,
  title={Formation and acceleration of nano dust in the inner heliosphere},
  author={Czechowski, A and Mann, I},
  journal={The Astrophysical Journal},
  volume={714},
  number={1},
  pages={89},
  year={2010},
  publisher={IOP Publishing}
}

@article{krivov1998dynamics,
  title={Dynamics of dust near the Sun},
  author={Krivov, Alexander and Kimura, Hiroshi and Mann, Ingrid},
  journal={Icarus},
  volume={134},
  number={2},
  pages={311--327},
  year={1998},
  publisher={Elsevier}
}

@article{rusk1988effect,
  title={The effect of the solar magnetic field on dust-particle orbits in the F corona},
  author={Rusk, Edwin T},
  journal={Astronomical Journal (ISSN 0004-6256), vol. 96, Oct. 1988, p. 1447-1454.},
  volume={96},
  pages={1447--1454},
  year={1988}
}

@article{wyatt1950poynting,
  title={The Poynting-Robertson effect on meteor orbits},
  author={Wyatt, Stanley P and Whipple, Fred L},
  journal={Astrophysical Journal, vol. 111, p. 134-141 (1950).},
  volume={111},
  pages={134--141},
  year={1950}
}

@article{dzhanoev2016charging,
  title={Charging of small grains in a space plasma: Application to Jovian stream particles},
  author={Dzhanoev, AR and Schmidt, J and Liu, X and Spahn, F},
  journal={Astronomy \& Astrophysics},
  volume={591},
  pages={A147},
  year={2016},
  publisher={EDP Sciences}
}

@article{horanyi1996charged,
  title={Charged dust dynamics in the solar system},
  author={Hor{\'a}nyi, Mih{\'a}ly},
  journal={Annual review of astronomy and astrophysics},
  volume={34},
  number={1},
  pages={383--418},
  year={1996},
  publisher={Annual Reviews 4139 El Camino Way, PO Box 10139, Palo Alto, CA 94303-0139, USA}
}

@article{shue1998magnetopause,
  title={Magnetopause location under extreme solar wind conditions},
  author={Shue, J-H and Song, P and Russell, CT and Steinberg, JT and Chao, JK and Zastenker, G and Vaisberg, OL and Kokubun, S and Singer, HJ and Detman, TR and others},
  journal={Journal of Geophysical Research: Space Physics},
  volume={103},
  number={A8},
  pages={17691--17700},
  year={1998},
  publisher={Wiley Online Library}
}

@article{mukai1982solar,
  title={Solar wind pressure on interplanetary dust},
  author={Mukai, T and Yamamoto, T},
  journal={Astronomy and Astrophysics, vol. 107, no. 1, Mar. 1982, p. 97-100.},
  volume={107},
  pages={97--100},
  year={1982}
}

@article{burns1979radiation,
  title={Radiation forces on small particles in the solar system},
  author={Burns, Joseph A and Lamy, Philippe L and Soter, Steven},
  journal={Icarus},
  volume={40},
  number={1},
  pages={1--48},
  year={1979},
  publisher={Elsevier}
}

@article{kimura1998electric,
  title={The electric charging of interstellar dust in the solar system and consequences for its dynamics},
  author={Kimura, Hiroshi and Mann, Ingrid},
  journal={The Astrophysical Journal},
  volume={499},
  number={1},
  pages={454},
  year={1998},
  publisher={IOP Publishing}
}

@article{kellogg2016dust,
  title={Dust impact signals on the wind spacecraft},
  author={Kellogg, PJ and Goetz, K and Monson, SJ},
  journal={Journal of Geophysical Research: Space Physics},
  volume={121},
  number={2},
  pages={966--991},
  year={2016},
  publisher={Wiley Online Library}
}

@article{pantellini2012nano,
  title={Nano dust impacts on spacecraft and boom antenna charging},
  author={Pantellini, Filippo and Belheouane, Soraya and Meyer-Vernet, Nicole and Zaslavsky, Arnaud},
  journal={Astrophysics and Space Science},
  volume={341},
  pages={309--314},
  year={2012},
  publisher={Springer}
}

@article{kellogg2017note,
  title={Note on the Pantellini et al. process for dust impact signals on spacecraft},
  author={Kellogg, Paul J},
  journal={Journal of Geophysical Research: Space Physics},
  volume={122},
  number={1},
  pages={63--70},
  year={2017},
  publisher={Wiley Online Library}
}

@article{meyer2009dust,
  title={Dust detection by the wave instrument on STEREO: nanoparticles picked up by the solar wind?},
  author={Meyer-Vernet, N and Maksimovic, M and Czechowski, A and Mann, I and Zouganelis, I and Goetz, K and Kaiser, ML and St. Cyr, OC and Bougeret, J-L and Bale, SD},
  journal={Solar Physics},
  volume={256},
  pages={463--474},
  year={2009},
  publisher={Springer}
}

@article{meyer2009detecting,
  title={Detecting nanoparticles at radio frequencies: Jovian dust stream impacts on Cassini/RPWS},
  author={Meyer-Vernet, N and Lecacheux, Alain and Kaiser, Michael L and Gurnett, Donald A},
  journal={Geophysical Research Letters},
  volume={36},
  number={3},
  year={2009},
  publisher={Wiley Online Library}
}

@article{schippers2014nanodust,
  title={Nanodust detection near 1 AU from spectral analysis of Cassini/Radio and Plasma Wave Science data},
  author={Schippers, Patricia and Meyer-Vernet, Nicole and Lecacheux, Alain and Kurth, William S and Mitchell, Donald G and Andr{\'e}, Nicolas},
  journal={Geophysical Research Letters},
  volume={41},
  number={15},
  pages={5382--5388},
  year={2014},
  publisher={Wiley Online Library}
}

@article{utterback1990attogram,
  title={Attogram dust cloud a million kilometers from comet Halley},
  author={Utterback, Nyle G and Kissel, Jochen},
  journal={Astronomical Journal (ISSN 0004-6256), vol. 100, Oct. 1990, p. 1315-1322.},
  volume={100},
  pages={1315--1322},
  year={1990}
}

@article{kempf2005high,
  title={High-velocity streams of dust originating from Saturn},
  author={Kempf, Sascha and Srama, Ralf and Hor{\'a}nyi, Mihaly and Burton, Marcia and Helfert, Stefan and Moragas-Klostermeyer, Georg and Roy, Mou and Gr{\"u}n, Eberhard},
  journal={Nature},
  volume={433},
  number={7023},
  pages={289--291},
  year={2005},
  publisher={Nature Publishing Group UK London}
}

@article{bayes1763essay,
  title={An essay towards solving a problem in the doctrine of chances.},
  author={Bayes, Thomas},
  journal={Philosophical transactions of the Royal Society of London},
  volume={53},
  pages={370--418},
  year={1763},
  publisher={The Royal Society London},
  note={By the late Rev. Mr. Bayes, FRS communicated by Mr. Price, in a letter to John Canton, AMFR S}
}

@article{schippers2015nanodust,
  title={Nanodust detection between 1 and 5 AU using Cassini wave measurements},
  author={Schippers, P and Meyer-Vernet, N and Lecacheux, A and Belheouane, S and Moncuquet, M and Kurth, WS and Mann, Ingrid and Mitchell, DG and Andr{\'e}, N},
  journal={The Astrophysical Journal},
  volume={806},
  number={1},
  pages={77},
  year={2015},
  publisher={IOP Publishing}
}

@article{jones2018science,
  title={The science of sungrazers, sunskirters, and other near-sun comets},
  author={Jones, Geraint H and Knight, Matthew M and Battams, Karl and Boice, Daniel C and Brown, John and Giordano, Silvio and Raymond, John and Snodgrass, Colin and Steckloff, Jordan K and Weissman, Paul and others},
  journal={Space Science Reviews},
  volume={214},
  pages={1--86},
  year={2018},
  publisher={Springer}
}

@book{kreutz1888untersuchungen,
  title={Untersuchungen {\"u}ber das Cometensystem 1843 I, 1880 I und 1882 II.},
  author={Kreutz, Heinrich},
  series={3},
  year={1888},
  publisher={Druck von C. Schaidt, CF Mohr nachfl.}
}

@article{fernandez2021origin,
  title={On the origin of the Kreutz family of sungrazing comets},
  author={Fern{\'a}ndez, Julio A and Lemos, Pablo and Gallardo, Tabar{\'e}},
  journal={Monthly Notices of the Royal Astronomical Society},
  volume={508},
  number={1},
  pages={789--802},
  year={2021},
  publisher={Oxford University Press}
}

@article{kalinicheva2017specific,
  title={Specific features of orbits of Kreutz dwarf comets},
  author={Kalinicheva, OV},
  journal={Solar System Research},
  volume={51},
  pages={221--232},
  year={2017},
  publisher={Springer}
}

@article{jenniskens2020removing,
  title={On removing showers from the IAU Working List of Meteor Showers},
  author={Jenniskens, Peter and Jopek, Tadeusz J and Janches, Diego and Hajdukov{\'a}, Maria and Kokhirova, Gulchehra I and Rudawska, Regina},
  journal={Planetary and Space Science},
  volume={182},
  pages={104821},
  year={2020},
  publisher={Elsevier}
}

@article{jenniskens2016cams,
  title={CAMS newly detected meteor showers and the sporadic background},
  author={Jenniskens, P and N{\'e}non, Q and Gural, PS and Albers, J and Haberman, B and Johnson, B and Morales, R and Grigsby, BJ and Samuels, D and Johannink, C},
  journal={Icarus},
  volume={266},
  pages={384--409},
  year={2016},
  publisher={Elsevier}
}

@article{kruger2004jovian,
  title={Jovian dust: streams, clouds and rings},
  author={Kr{\"u}ger, Harald and Hor{\'a}nyi, Mih{\'a}ly and Krivov, Alexander V and Graps, Amara L},
  journal={Jupiter: The Planet, Satellites and Magnetosphere},
  pages={219--240},
  year={2004},
  publisher={Cambridge Univ. Press Cambridge, UK}
}

@article{humes1974interplanetary,
  title={The interplanetary and near-Jupiter meteoroid environments},
  author={Humes, DH and Alvarez, JM and O'Neal, RL and Kinard, WH},
  journal={Journal of Geophysical Research},
  volume={79},
  number={25},
  pages={3677--3684},
  year={1974},
  publisher={Wiley Online Library}
}

@article{baum1981saturn,
  title={Saturn's E ring: I. CCD observations of March 1980},
  author={Baum, WA and Kreidl, T and Westphal, JA and Danielson, GE and Seidelmann, PK and Pascu, D and Currie, DG},
  journal={Icarus},
  volume={47},
  number={1},
  pages={84--96},
  year={1981},
  publisher={Elsevier}
}

@article{spahn2006cassini,
  title={Cassini dust measurements at Enceladus and implications for the origin of the E ring},
  author={Spahn, Frank and Schmidt, J{\"u}rgen and Albers, Nicole and H{\"o}rning, Marcel and Makuch, Martin and Sei{\ss}, Martin and Kempf, Sascha and Srama, Ralf and Dikarev, Valeri and Helfert, Stefan and others},
  journal={Science},
  volume={311},
  number={5766},
  pages={1416--1418},
  year={2006},
  publisher={American Association for the Advancement of Science}
}

@article{charnes1976equivalence,
author = {A. Charnes, E. L. Frome and P. L. Yu},
title = {The Equivalence of Generalized Least Squares and Maximum Likelihood Estimates in the Exponential Family},
journal = {Journal of the American Statistical Association},
volume = {71},
number = {353},
pages = {169--171},
year = {1976},
publisher = {Taylor \& Francis},
doi = {10.1080/01621459.1976.10481508}}

@article{lemoine2019moving,
  title={Moving beyond noninformative priors: why and how to choose weakly informative priors in Bayesian analyses},
  author={Lemoine, Nathan P},
  journal={Oikos},
  volume={128},
  number={7},
  pages={912--928},
  year={2019},
  publisher={Wiley Online Library}
}

@misc{fink1997compendium,
  title={A compendium of conjugate priors},
  author={Fink, Daniel},
  howpublished={\url{http://www. people. cornell. edu/pages/df36/CONJINTRnew\% 20TEX. pdf}},
  note={Accessed: 6.6.2024"},
  year={1997}
}

@article{markov1906extension,
author = {Markov, A.A.},
journal = {Journal Ã‰lectronique d'Histoire des ProbabilitÃ©s et de la Statistique [electronic only]},
keywords = {history of law of large numbers; for dependent variables; Markov chains},
language = {eng},
number = {1b},
pages = {Article 10, 12 p., electronic only-Article 10, 12 p., electronic only},
publisher = {SÃ©minaire d'Histoire du Calcul des ProbabilitÃ©s et de la Statistique, EHESS, Paris; Laboratoire de ProbabilitÃ©s et ModÃ©les AlÃ©atoires, UniveritÃ© Paris VI et VII},
title = {Extension of the law of large numbers to quantities, depending on each other (1906). Reprint.},
url = {http://eudml.org/doc/128778},
volume = {2},
year = {2006},
}

@article{jones2004markov,
author = {Galin L. Jones},
title = {{On the Markov chain central limit theorem}},
volume = {1},
journal = {Probability Surveys},
number = {none},
publisher = {Institute of Mathematical Statistics and Bernoulli Society},
pages = {299 -- 320},
keywords = {central limit theorem, drift condition, Markov chain, mixing condition, Monte Carlo},
year = {2004},
doi = {10.1214/154957804100000051},
URL = {https://doi.org/10.1214/154957804100000051}
}

@article{rue2009approximate,
  title={Approximate Bayesian inference for latent Gaussian models by using integrated nested Laplace approximations},
  author={Rue, H{\aa}vard and Martino, Sara and Chopin, Nicolas},
  journal={Journal of the Royal Statistical Society Series B: Statistical Methodology},
  volume={71},
  number={2},
  pages={319--392},
  year={2009},
  publisher={Oxford University Press}
}

@inproceedings{damasio2015thermal,
  title={Thermal design and thermal verification tests of the Solar Orbiter Heat Shield STM},
  author={Damasio, C and Defilippis, P and Draper, C and Wild, D},
  booktitle={45th International Conference on Environmental Systems ICES--2015-7612-1},
  volume={6},
  year={2015}
}